<?xml version="1.0" encoding="UTF-8"?><collection xmlns="http://www.loc.gov/MARC21/slim"><record><leader>00487nam--2200133-i-4500</leader><controlfield tag="001">000019069</controlfield><controlfield tag="002">20161230</controlfield><controlfield tag="005">20161230201033</controlfield><controlfield tag="008">060222s1000------------r-----000-0-eng-d</controlfield><datafield ind1=" " ind2=" " tag="080"><subfield code="a">546.45</subfield></datafield><datafield ind1=" " ind2=" " tag="100"><subfield code="a">Edwards, D.W. &amp; Mactaggart, A</subfield></datafield><datafield ind1=" " ind2=" " tag="245"><subfield code="a">The establishement and maintenance of a safe environment in the handling of a toxic material (beryllium).paper nr.3.handling of a toxic material-beryllium</subfield></datafield><datafield ind1=" " ind2=" " tag="260"><subfield code="a">London, Society Of Chemical Industry, 1968. 11 P. + 7 P.Fig</subfield></datafield><datafield ind1=" " ind2=" " tag="852"><subfield code="a">28605</subfield></datafield></record></collection>